@misc{Molin2011,
	author   = {Pascal Molin},
    	title    = {L’intégration numérique par la méthode double-exponentielle},
	year      = {2011}
}

@article{KB2002,
   author = {Greg Kuperberg},
   title = {Kasteleyn Cokernels},
   journal = {Electronic Journal of Combinatorics},
   volume = {9},
   year = {2002}
}


@article{CT1996,
  title={Weierstrass points on cyclic covers of the projective line},
  author={Towse, Christopher},
  journal={Transactions of the American Mathematical Society},
  volume={348},
  number={8},
  pages={3355--3378},
  year={1996}
}


@article{MM2009,
    author    = {Moritz Minzlaff},
    title     = {Computing Zeta Functions of Superelliptic Curves in Larger Characteristic},
    journal   = {Birkhäuser Verlag Basel/Switzerland},
    year      = {2009}
}

